<?xml version="1.0" encoding="UTF-8"?><collection xmlns="http://www.loc.gov/MARC21/slim"><record><leader>00330nam--2200121-i-4500</leader><controlfield tag="001">000045763</controlfield><controlfield tag="002">20161230</controlfield><controlfield tag="005">20161230201045</controlfield><controlfield tag="008">060222s1000------------r-----000-0-eng-d</controlfield><datafield ind1=" " ind2=" " tag="100"><subfield code="a">Trutnovski,Karl</subfield></datafield><datafield ind1=" " ind2=" " tag="245"><subfield code="a">Garnituri de contact la organe demasini fixe si in miscare</subfield></datafield><datafield ind1=" " ind2=" " tag="260"><subfield code="a">Bucuresti, Idt, 1959. 226 P.+258 Fig</subfield></datafield><datafield ind1=" " ind2=" " tag="852"><subfield code="a">6176</subfield></datafield></record></collection>